@book{Matrices,
  title={M{\'e}thodes matricielles-Introduction {\`a} la complexit{\'e} alg{\'e}brique},
  author={Abdeljaoued, Jounaidi and Lombardi, Henri},
  volume={42},
  year={2003},
  publisher={Springer Science \& Business Media}
}

@Booklet{GaloisD,
title = {Groupes, anneaux, corps et théorie de Galois},
key = {GaloisD},
author = {Lionel PONTON},
howpublished = {Papiers personnels \_ lionelponton.fr}
}
@Book{Galois,
author = {Josette CALAIS},
editor = {Ellipses},
title = {Extensions de corps \_ Théorie de Galois},
publisher = {Mathématiques à l'Université},
year = {2006},
key = {Galois},
edition = {Ellipses}
}

@article{Fmy,
  title={Filtrage adaptatif},
  author={Michaut, Fran{\c{c}}ois and Bellanger, M},
  journal={theorie et algorithmes, Paris: Lavoisier},
  year={2005}
}

@Booklet{Esiee,
title = {Introduction au filtrage adaptatif},
key = {Esiee},
author = {J.-F. BERCHER \& P.JARDIN},
howpublished = {ESIEE Paris},
year = {2003}
}
@Booklet{Acoust,
title = {Cours d'acoustique physique},
key = {Acoust},
author = {Rodrigue DESMORAT},
howpublished = {Ecole Normale Supérieure (ENS Paris-Saclay)},
month = {Mai},
year = {2017}
}

@article{Piskounov,
  title={Calcul Diff{\'e}'rentiel et Int{\'e}gral, Tome 2},
  author={Piskounov, N.},
  journal={{\'E}dit. Mir, Moscou},
  year={1993}
}

@PhdThesis{ThAlaedine,
author = {Alaeddine, Hamzé},
title = {Application de la transformée en nombres entiers à la conception d'algorithmes de faible complexité pour l'annulation d'échos acoustiques},
school = {Université de Bretagne Occidentale},
year = {2007},
key = {ThAlaedine},
month = {Juillet},
note = {Investigations théoriques}
}
@Book{KrCourse,
author = {De Coulon, Frédéric},
editor = { Corbaz SA. Montreux },
title = {Théorie et traitement des signaux},
publisher = {Presses polytechniques et universitaires romandes, CH-1015 Lausanne},
year = {1996},
key = {KrCourse},
volume = {VI},
note = {Fondements du traitement des signaux}
}
@Booklet{TopoHilb,
title = {Topologie et analyse hilbertienne: Une introduction pragmatique},
key = {TopoHilb},
author = {Hiriart-Urruty,Jean-Baptiste},
howpublished = {Notes de cours},
address = {Université Paul Sabatier de Toulouse}
}
@Booklet{TraitSignMath,
title = {Traitement du signal},
key = TraitSignMath,
author = {Mallat, Stéphane},
howpublished = {Notes de cours},
address = {Ecole Normale Supérieure - DÉPARTEMENT DE MATHÉMATIQUES / ENSEIGNEMENT, 45 rue d'Ulm 75230 Paris Cedex 05 - Tél : 01 44 32 31 72 - \url{http://education@math.ens.fr}},
year = {2015}
}
@Booklet{20Filtr,
title = {Filtrage numérique d'un signal d'évolution lente avec un microcontrôleur},
key = {20Filt},
author = {Sincère, Fabrice},
howpublished = {IUT de Nancy-Brabois},
note = {\url{http://perso.orange.fr/fabrice.sincere} ,Version 1.2.2.}
}
@Booklet{Tds,
title = {Rappels sur la théorie de l'échantillonnage \small De l'analogique au numérique},
key = {Tds},
author = {Garnier, Hugues},
howpublished = {Université de Lorraine, Polytech NANCY},
note = {\url{http://hugues.garnier@univ-lorraine.fr}}
}
@Booklet{CoursConv,
title = {Conception avancée des circuits intégrés analogiques.\small Convertisseurs A/N et N/A},
key = {CoursConv},
author = {Du Tertre},
howpublished = {Ecole nationale supérieure des Mines de Saint-Etienne},
year = {2009},
note = {\url{http://www.emse.fr/~dutertre/enseignement.html}}
}
@Booklet{20Electro,
title = {Module d’Electronique, \small Troisième partie : Conversion de données},
key = {20Electro},
author = {Sincère, Fabrice},
howpublished = {IUT de Nancy-Brabois},
note = {\url{http://perso.orange.fr/fabrice.sincere} ,Version 3.0.1.}
}
@Booklet{Ponge,
title = {Le traitement numérique du signal audio},
key = {Ponge},
author = {Muller, Jean-Philippe},
howpublished = {\url{http://www.ponge.biz}},
month = {Juille},
year = {2001}
}

@article{Tsa,
  title={Traitement du signal audio-num{\'e}rique (TSA)},
  author={Charbit, Maurice and Blanchet, G{\'e}rard},
  year={2012}
}

@article{WikiDSP,
  title={Conditionnement et traitement du Signal Num{\'e}rique},
  author={Krzeminski, Christophe},
  year={2020}
}

@book{Unified,
  title={Unified signal theory},
  author={Cariolaro, Gianfranco},
  year={2011},
  publisher={Springer Science \& Business Media}
}
@book{bellanger2012theorie,
  title={La th{\'e}orie de l'information},
  author={Bellanger, Aur{\'e}lien},
  year={2012},
  publisher={Gallimard Paris}
}

@article{beal2012theorie,
  title={Th{\'e}orie de l’information et codage (Notes de cours)},
  author={B{\'e}al, Marie-Pierre and Sendrier, Nicolas},
  year={2012}
}
@Misc{ImageChaineTrait,
title = {Le DSP},
month = 09,
year = {2020},
howpublished={\url{https://orfony.fr/bdtech/DSP.html}}
}
